@book{gilbarg2001,
  author    = {David Gilbarg and Neil S. Trudinger},
  title     = {Elliptic Partial Differential Equations of Second Order},
  publisher = {Springer},
  year      = {2001},
  edition   = {3},
  series    = {Classics in Mathematics}
}
