@book{evans2010,
  author    = {Lawrence C. Evans},
  title     = {Partial Differential Equations},
  publisher = {American Mathematical Society},
  year      = {2010},
  series    = {Graduate Studies in Mathematics},
  volume    = {19},
  edition   = {2}
}
